@inproceedings{Al-Fares:2008:SCD,
 author = {Al-Fares, Mohammad and Loukissas, Alexander and Vahdat, Amin},
 title = {A Scalable, Commodity Data Center Network Architecture},
 booktitle = {Proceedings of the ACM SIGCOMM 2008 Conference on Data Communication},
 series = {SIGCOMM '08},
 year = {2008},
 location = {Seattle, WA, USA},
 pages = {63--74},
 numpages = {12}
}
